@article{einstein,
    author = "Albert Einstein",
    title = "{Zur Elektrodynamik bewegter K{\"o}rper}. ({German})
    [{On} the electrodynamics of moving bodies]",
    journal = "Annalen der Physik",
    volume = "322",
    number = "10",
    pages = "891--921",
    year = "1905",
    DOI = "http://dx.doi.org/10.1002/andp.19053221004",
    keywords = "physics"
}


@book{rebollo,
    title = {La memoria},
    author = {Rebollo Pedruelo, Miguel},
    isbn = {0},
    series = {Sistemas Informáticos y Computación},
    year = {Año desconocido},
    publisher = {Universidad Politécnica de Valencia (UPV)},
    keywords = {memory}
}

@online{figura1,
    author = "terminosaudiovisuales",
    title = "Recurso visual byte ",
    url  = "https://terminosaudiovisuales.es/byte/",
    addendum = "",
    keywords = "imagen png"
}

@inbook{knuth-fa,
    author = "Donald E. Knuth",
    title = "Fundamental Algorithms",
    publisher = "Addison-Wesley",
    year = "1973",
    chapter = "1.2",
    keywords  = "knuth,programming"
}