@article{einstein,
    author = "Albert Einstein",
    title = "{Zur Elektrodynamik bewegter K{\"o}rper}. ({German})
    [{On} the electrodynamics of moving bodies]",
    journal = "Annalen der Physik",
    volume = "322",
    number = "10",
    pages = "891--921",
    year = "1905",
    DOI = "http://dx.doi.org/10.1002/andp.19053221004",
    keywords = "physics"
}


@book{rebollo,
    title = {La memoria},
    author = {Rebollo Pedruelo, Miguel},
    isbn = {0},
    series = {Sistemas Informáticos y Computación},
    year = {Año desconocido},
    publisher = {Universidad Politécnica de Valencia (UPV)},
    keywords = {memory}
}

@online{figura1,
    author = "terminosaudiovisuales",
    title = "Recurso visual byte ",
    url  = "https://terminosaudiovisuales.es/byte/",
    addendum = "",
    keywords = "imagen png"
}

@inbook{ucm,
    author = "Rodríguez Rodríguez, Roberto Alonso",
    title = "Write management mechanisms for systems with non-volatile memory technologies",
    publisher = "universidad complutense de madrid",
    year = "2017",
    chapter = "memory",
    keywords  = "memory management"
}